<record><leader>00000cas a22000007a 4500</leader><controlfield tag="001">18250352</controlfield><controlfield tag="008">880721d19uu1918txuwr ne      0    0eng d</controlfield><datafield ind1=" " ind2=" " tag="010"><subfield code="a">sn 88083949 </subfield></datafield><datafield ind1=" " ind2=" " tag="040"><subfield code="a">PPM</subfield><subfield code="b">eng</subfield><subfield code="c">PPM</subfield><subfield code="d">OCLCQ</subfield></datafield><datafield ind1=" " ind2=" " tag="042"><subfield code="a">msc</subfield></datafield><datafield ind1="0" ind2="0" tag="245"><subfield code="a">Sabine County citizen.</subfield></datafield><datafield ind1=" " ind2=" " tag="260"><subfield code="a">Hemphill, Tex. :</subfield><subfield code="b">L.R. Campbell</subfield></datafield><datafield ind1=" " ind2=" " tag="310"><subfield code="a">Weekly</subfield></datafield><datafield ind1="1" ind2=" " tag="362"><subfield code="a">Ceased in 1918.</subfield></datafield><datafield ind1=" " ind2=" " tag="588"><subfield code="a">Description based on: Vol. 4, no. 38 (Oct. 8, 1914).</subfield></datafield><datafield ind1=" " ind2=" " tag="752"><subfield code="a">United States</subfield><subfield code="b">Texas</subfield><subfield code="c">Sabine</subfield><subfield code="d">Hemphill.</subfield></datafield><datafield ind1="0" ind2="7" tag="785"><subfield code="t">Hemphill reporter</subfield><subfield code="w">(DLC)sn 86089409</subfield></datafield><datafield ind1="0" ind2="7" tag="785"><subfield code="t">Sabine County reporter</subfield><subfield code="w">(DLC)sn 86089387</subfield></datafield></record>